@article{journals/icga/KendallPS08,
  added-at = {2010-02-18T00:00:00.000+0100},
  author = {Kendall, Graham and Parkes, Andrew J. and Spoerer, Kristian},
  biburl = {https://www.bibsonomy.org/bibtex/25cc2e9e313951aad1b2127959e6b2269/dblp},
  date = {2010-02-18},
  description = {dblp},
  interhash = {52667aea6285414628eda87f05641b04},
  intrahash = {5cc2e9e313951aad1b2127959e6b2269},
  journal = {ICGA Journal},
  keywords = {dblp},
  number = 1,
  pages = {13-34},
  timestamp = {2010-02-19T11:34:38.000+0100},
  title = {A Survey of NP-Complete Puzzles.},
  url = {http://dblp.uni-trier.de/db/journals/icga/icga31.html#KendallPS08},
  volume = 31,
  year = 2008
}

@article{DBLP:journals/corr/WeberRRBGRBVHLP17,
  author    = {Theophane Weber and
               S{\'{e}}bastien Racani{\`{e}}re and
               David P. Reichert and
               Lars Buesing and
               Arthur Guez and
               Danilo Jimenez Rezende and
               Adri{\`{a}} Puigdom{\`{e}}nech Badia and
               Oriol Vinyals and
               Nicolas Heess and
               Yujia Li and
               Razvan Pascanu and
               Peter Battaglia and
               David Silver and
               Daan Wierstra},
  title     = {Imagination-Augmented Agents for Deep Reinforcement Learning},
  journal   = {CoRR},
  volume    = {abs/1707.06203},
  year      = {2017},
  url       = {http://arxiv.org/abs/1707.06203},
  archivePrefix = {arXiv},
  eprint    = {1707.06203},
  timestamp = {Sat, 05 Aug 2017 14:56:21 +0200},
  biburl    = {https://dblp.org/rec/bib/journals/corr/WeberRRBGRBVHLP17},
  bibsource = {dblp computer science bibliography, https://dblp.org}
}

@article{Pspace-complete97sokobanis,
    author = {C. Culberson, Joseph},
    year = {1998},
    pages = {},
    title = {Sokoban is PSPACE-complete},
    booktitle = {Proceedings of the International Conference on Fun with Algorithms}
}

@article{Korf:1985:DIO:4433.4436,
 author = {Korf, Richard E.},
 title = {Depth-first Iterative-deepening: An Optimal Admissible Tree Search},
 journal = {Artif. Intell.},
 issue_date = {Sept. 1985},
 volume = {27},
 number = {1},
 month = sep,
 year = {1985},
 issn = {0004-3702},
 pages = {97--109},
 numpages = {13},
 url = {http://dx.doi.org/10.1016/0004-3702(85)90084-0},
 doi = {10.1016/0004-3702(85)90084-0},
 acmid = {4436},
 publisher = {Elsevier Science Publishers Ltd.},
 address = {Essex, UK},
}

@article{Hart1968,
  author = {Hart, P. E. and Nilsson, N. J. and Raphael, B.},
  biburl = {https://www.bibsonomy.org/bibtex/2142c61ecd388214adabe91f02ba81433/ristephens},
  doi = {10.1109/TSSC.1968.300136},
  interhash = {b2ebdce0a83cba8c6fdea11e88612e0c},
  intrahash = {142c61ecd388214adabe91f02ba81433},
  issn = {0536-1567},
  journal = {IEEE Transactions on Systems Science and Cybernetics},
  keywords = {A* RouteOptimisation autonomy navigation search},
  month = {July},
  number = 2,
  pages = {100-107},
  timestamp = {2017-03-21T11:29:18.000+0100},
  title = {A Formal Basis for the Heuristic Determination of Minimum Cost Paths},
  volume = 4,
  year = 1968
}

@TECHREPORT{Junghanns99pushingthe,
    author = {Andreas Junghanns and Meinen Eltern},
    title = {Pushing the Limits: New Developments in Single-Agent Search},
    institution = {},
    year = {1999}
}

@article{DBLP:journals/pami/ReinefeldM94,
  author    = {Alexander Reinefeld and
               T. Anthony Marsland},
  title     = {Enhanced Iterative-Deepening Search},
  journal   = {{IEEE} Trans. Pattern Anal. Mach. Intell.},
  volume    = {16},
  number    = {7},
  pages     = {701--710},
  year      = {1994},
  url       = {https://doi.org/10.1109/34.297950},
  doi       = {10.1109/34.297950},
  timestamp = {Wed, 17 May 2017 01:00:00 +0200},
  biburl    = {https://dblp.org/rec/bib/journals/pami/ReinefeldM94},
  bibsource = {dblp computer science bibliography, https://dblp.org}
}

@InProceedings{10.1007/11674399_5,
author="Bouzy, Bruno",
editor="van den Herik, H. Jaap
and Bj{\"o}rnsson, Yngvi
and Netanyahu, Nathan S.",
title="Associating Shallow and Selective Global Tree Search with Monte Carlo for 9 $\times$ 9 Go",
booktitle="Computers and Games",
year="2006",
publisher="Springer Berlin Heidelberg",
address="Berlin, Heidelberg",
pages="67--80",
isbn="978-3-540-32489-8"
}

@MISC{Juille99methodsfor,
    author = {Hugues Juille and Prof Kenneth and A. De Jong},
    title = {Methods for Statistical Inference: Extending the Evolutionary Computation Paradigm},
    year = {1999}
}

@article{doi:10.1287/opre.1040.0145,
    author = {Hyeong Soo Chang and Michael C. Fu and Jiaqiao Hu and Steven I. Marcus},
    title = {An Adaptive Sampling Algorithm for Solving Markov Decision Processes},
    journal = {Operations Research},
    volume = {53},
    number = {1},
    pages = {126-139},
    year = {2005},
    doi = {10.1287/opre.1040.0145},
    URL = {https://doi.org/10.1287/opre.1040.0145},
    eprint = {https://doi.org/10.1287/opre.1040.0145}
}

@article{Bai:2015:OPL:2801030.2717316,
 author = {Bai, Aijun and Wu, Feng and Chen, Xiaoping},
 title = {Online Planning for Large Markov Decision Processes with Hierarchical Decomposition},
 journal = {ACM Trans. Intell. Syst. Technol.},
 issue_date = {August 2015},
 volume = {6},
 number = {4},
 month = jul,
 year = {2015},
 issn = {2157-6904},
 pages = {45:1--45:28},
 articleno = {45},
 numpages = {28},
 url = {http://doi.acm.org/10.1145/2717316},
 doi = {10.1145/2717316},
 acmid = {2717316},
 publisher = {ACM},
 address = {New York, NY, USA},
 keywords = {MAXQ-OP, MDP, RoboCup, online planning},
}

@inproceedings{coulom:inria-00116992,
  TITLE = {{Efficient Selectivity and Backup Operators in Monte-Carlo Tree Search}},
  AUTHOR = {Coulom, R{\'e}mi},
  URL = {https://hal.inria.fr/inria-00116992},
  BOOKTITLE = {{5th International Conference on Computer and Games}},
  ADDRESS = {Turin, Italy},
  EDITOR = {Paolo Ciancarini and H. Jaap van den Herik},
  YEAR = {2006},
  MONTH = May,
  PDF = {https://hal.inria.fr/inria-00116992/file/CG2006.pdf},
  HAL_ID = {inria-00116992},
  HAL_VERSION = {v1},
}

@inproceedings{Kocsis:2006:BBM:2091602.2091633,
 author = {Kocsis, Levente and Szepesv\'{a}ri, Csaba},
 title = {Bandit Based Monte-carlo Planning},
 booktitle = {Proceedings of the 17th European Conference on Machine Learning},
 series = {ECML'06},
 year = {2006},
 isbn = {3-540-45375-X, 978-3-540-45375-8},
 location = {Berlin, Germany},
 pages = {282--293},
 numpages = {12},
 url = {http://dx.doi.org/10.1007/11871842_29},
 doi = {10.1007/11871842_29},
 acmid = {2091633},
 publisher = {Springer-Verlag},
 address = {Berlin, Heidelberg},
}

@article{Silver_2016,
  added-at = {2016-03-11T14:36:05.000+0100},
  author = {Silver, David and Huang, Aja and Maddison, Chris J. and Guez, Arthur and Sifre, Laurent and van den Driessche, George and Schrittwieser, Julian and Antonoglou, Ioannis and Panneershelvam, Veda and Lanctot, Marc and Dieleman, Sander and Grewe, Dominik and Nham, John and Kalchbrenner, Nal and Sutskever, Ilya and Lillicrap, Timothy and Leach, Madeleine and Kavukcuoglu, Koray and Graepel, Thore and Hassabis, Demis},
  biburl = {https://www.bibsonomy.org/bibtex/29e987f58d895c490144693139cbc90c7/ytyoun},
  doi = {10.1038/nature16961},
  interhash = {48430c7891aaf9fe2582faa8f5d076c1},
  intrahash = {9e987f58d895c490144693139cbc90c7},
  journal = {Nature},
  keywords = {baduk go google},
  month = jan,
  number = 7587,
  pages = {484--489},
  publisher = {Nature Publishing Group},
  timestamp = {2016-03-11T14:37:40.000+0100},
  title = {Mastering the Game of {Go} with Deep Neural Networks and Tree Search},
  volume = 529,
  year = 2016
}

@article{silver2017mastering,
  added-at = {2017-12-15T02:14:58.000+0100},
  author = {Silver, David and Schrittwieser, Julian and Simonyan, Karen and Antonoglou, Ioannis and Huang, Aja and Guez, Arthur and Hubert, Thomas and Baker, Lucas and Lai, Matthew and Bolton, Adrian and Chen, Yutian and Lillicrap, Timothy and Hui, Fan and Sifre, Laurent and van den Driessche, George and Graepel, Thore and Hassabis, Demis},
  biburl = {https://www.bibsonomy.org/bibtex/2ecdfbfcceb55ee5f14c1c375ad71f2cb/achakraborty},
  description = {Mastering the game of Go without human knowledge | Nature},
  interhash = {c45d318e105d0f2d62ccc28c2699d9d4},
  intrahash = {ecdfbfcceb55ee5f14c1c375ad71f2cb},
  journal = {Nature},
  keywords = {2017 deep-learning deepmind google paper reinforcement-learning},
  month = oct,
  pages = {354--},
  publisher = {Macmillan Publishers Limited, part of Springer Nature. All rights reserved.},
  timestamp = {2017-12-15T02:14:58.000+0100},
  title = {Mastering the game of Go without human knowledge},
  url = {http://dx.doi.org/10.1038/nature24270},
  volume = 550,
  year = 2017
}

@INPROCEEDINGS{Edelkamph,
  author = {Edelkamp, Stefan and Kissmann, Peter and Sulewski, Damian and Messerschmidt,
	Hartmut},
  title = {Finding the Needle in the Haystack with Heuristically Guided Swarm
	Tree Search},
  year = {2010},
  pages = {235--255},
  address = {G{\"o}ttingen},
  month = {February23--25},
  owner = {pmania},
  timestamp = {2012.11.06}
}

@article{DBLP:journals/kbs/SchaddWTU12,
  author    = {Maarten P. D. Schadd and
               Mark H. M. Winands and
               Mandy J. W. Tak and
               Jos W. H. M. Uiterwijk},
  title     = {Single-player Monte-Carlo tree search for SameGame},
  journal   = {Knowl.-Based Syst.},
  volume    = {34},
  pages     = {3--11},
  year      = {2012},
  url       = {https://doi.org/10.1016/j.knosys.2011.08.008},
  doi       = {10.1016/j.knosys.2011.08.008},
  timestamp = {Tue, 06 Jun 2017 01:00:00 +0200},
  biburl    = {https://dblp.org/rec/bib/journals/kbs/SchaddWTU12},
  bibsource = {dblp computer science bibliography, https://dblp.org}
}

@paper{IJCAI113358,
	author = {Christopher Rosin},
	title = {Nested Rollout Policy Adaptation for Monte Carlo Tree Search},
	conference = {International Joint Conference on Artificial Intelligence},
	year = {2011},
	keywords = {},
	url = {https://aaai.org/ocs/index.php/IJCAI/IJCAI11/paper/view/3358/3583}
}

@inproceedings{Cazenave2009,
   address = {Pasadena, California},
   author = {Cazenave, Tristan},
   booktitle = {Proc. 21st Int. Joint Conf. Artif. Intell.},
   pages = {456--461},
   title = {{Nested Monte-Carlo Search}},
   url = {http://www.aaai.org/ocs/index.php/IJCAI/IJCAI-09/paper/viewPDFInterstitial/343/688},
   year = {2009}
}

@article{DBLP:journals/corr/abs-1802-04697,
  author    = {Arthur Guez and
               Th{\'{e}}ophane Weber and
               Ioannis Antonoglou and
               Karen Simonyan and
               Oriol Vinyals and
               Daan Wierstra and
               R{\'{e}}mi Munos and
               David Silver},
  title     = {Learning to Search with MCTSnets},
  journal   = {CoRR},
  volume    = {abs/1802.04697},
  year      = {2018},
  url       = {http://arxiv.org/abs/1802.04697},
  archivePrefix = {arXiv},
  eprint    = {1802.04697},
  timestamp = {Thu, 01 Mar 2018 15:00:45 +0100},
  biburl    = {https://dblp.org/rec/bib/journals/corr/abs-1802-04697},
  bibsource = {dblp computer science bibliography, https://dblp.org}
}

@article{article,
author = {Chaslot, Guillaume and Winands, Mark and Herik, H and Uiterwijk, Jos and Bouzy, Bruno},
year = {2008},
month = {11},
pages = {343-357},
title = {Progressive Strategies for Monte-Carlo Tree Search},
volume = {04},
booktitle = {New Mathematics and Natural Computation}
}

@mastersthesis {bestcriteria,
	title = {Monte-Carlo Search Techniques in the Modern Board Game Thurn and Taxis},
	volume = {Master Science of Artificial Intelligence},
	year = {2009},
	month = {12/2009},
	pages = {93},
	school = {Maastricht University},
	type = {Master Thesis},
	address = {Maastricht, Netherlands},
	keywords = {artificial intelligence, MCTS, modern board game, Monte-Carlo Tree Search, search techniques},
	author = {Frederik Christiaan Schadd}
}

@inproceedings{Kocsis2006ImprovedMS,
  title={Improved Monte-Carlo Search},
  author={Levente Kocsis and Csaba Szepesv{\'a}ri and Jan Willemson},
  year={2006}
}

@Article{Rubinstein1999,
    author="Rubinstein, Reuven",
    title="The Cross-Entropy Method for Combinatorial and Continuous Optimization",
    journal="Methodology And Computing In Applied Probability",
    year="1999",
    month="Sep",
    day="01",
    volume="1",
    number="2",
    pages="127--190",
    issn="1573-7713",
    doi="10.1023/A:1010091220143",
    url="https://doi.org/10.1023/A:1010091220143"
}

@article{journals/tciaig/BrownePWLCRTPSC12,
  added-at = {2016-01-08T00:00:00.000+0100},
  author = {Browne, Cameron and Powley, Edward J. and Whitehouse, Daniel and Lucas, Simon M. and Cowling, Peter I. and Rohlfshagen, Philipp and Tavener, Stephen and Liebana, Diego Perez and Samothrakis, Spyridon and Colton, Simon},
  biburl = {https://www.bibsonomy.org/bibtex/27513b740e03c7e231b5da5e98bfb7a0d/dblp},
  ee = {http://dx.doi.org/10.1109/TCIAIG.2012.2186810},
  interhash = {267f0b4ac17460e87d7b0bfafd5d34f6},
  intrahash = {7513b740e03c7e231b5da5e98bfb7a0d},
  journal = {IEEE Trans. Comput. Intellig. and AI in Games},
  keywords = {dblp},
  number = 1,
  pages = {1-43},
  timestamp = {2016-01-13T12:02:47.000+0100},
  title = {A Survey of Monte Carlo Tree Search Methods.},
  url = {http://dblp.uni-trier.de/db/journals/tciaig/tciaig4.html#BrownePWLCRTPSC12},
  volume = 4,
  year = 2012
}

@InProceedings{10.1007/978-3-540-87608-3_6,
author="Chaslot, Guillaume M. J. -B.
and Winands, Mark H. M.
and van den Herik, H. Jaap",
editor="van den Herik, H. Jaap
and Xu, Xinhe
and Ma, Zongmin
and Winands, Mark H. M.",
title="Parallel Monte-Carlo Tree Search",
booktitle="Computers and Games",
year="2008",
publisher="Springer Berlin Heidelberg",
address="Berlin, Heidelberg",
pages="60--71",
isbn="978-3-540-87608-3"
}

@misc{highscore,
    title ={Samegame highscores - js-games.de},
    howpublished ={\url{http://www.js-games.de/eng/highscores/samegame/lx}}
}

@mastersthesis {transpositiontables,
	title = {Memory versus Search in Games},
	year = {1998},
	school = {Maastricht University},
	type = {PhD Thesis},
	address = {Maastricht, Netherlands},
	author = {Dennis Michel Breuker}
}

@paper{AIIDE1715856,
	author = {Edward Powley and Peter Cowling and Daniel Whitehouse},
	title = {Memory Bounded Monte Carlo Tree Search},
	conference = {AAAI Conference on Artificial Intelligence and Interactive Digital Entertainment},
	year = {2017},
	keywords = {},
	url = {https://aaai.org/ocs/index.php/AIIDE/AIIDE17/paper/view/15856}
}

@Article{Auer2002,
    author="Auer, Peter
    and Cesa-Bianchi, Nicol{\`o}
    and Fischer, Paul",
    title="Finite-time Analysis of the Multiarmed Bandit Problem",
    journal="Machine Learning",
    year="2002",
    month="May",
    day="01",
    volume="47",
    number="2",
    pages="235--256",
    issn="1573-0565",
    doi="10.1023/A:1013689704352",
    url="https://doi.org/10.1023/A:1013689704352"
}

@inproceedings{conf/icai/HelmboldP09,
  added-at = {2009-11-01T00:00:00.000+0100},
  author = {Helmbold, David P. and Parker-Wood, Aleatha},
  biburl = {https://www.bibsonomy.org/bibtex/2b560d166569818f414f2bbd572b132df/dblp},
  booktitle = {IC-AI},
  date = {2009-11-01},
  description = {dblp},
  editor = {Arabnia, Hamid R. and de la Fuente, David and Olivas, José Angel},
  interhash = {49936bd306d8406a78a7353bf45ce751},
  intrahash = {b560d166569818f414f2bbd572b132df},
  isbn = {1-60132-109-0},
  keywords = {dblp},
  pages = {605-610},
  publisher = {CSREA Press},
  timestamp = {2009-11-03T11:35:27.000+0100},
  title = {All-Moves-As-First Heuristics in Monte-Carlo Go.},
  url = {http://dblp.uni-trier.de/db/conf/icai/icai2009.html#HelmboldP09},
  year = 2009
}

@article{gameExamples,
author = {Lee, Chang-Shing and Müller, Martin and Teytaud, Olivier},
year = {2011},
month = {01},
pages = {225 - 228},
title = {Special Issue on Monte Carlo Techniques and Computer Go},
volume = {2},
booktitle = {Computational Intelligence and AI in Games, IEEE Transactions on}
}

@article{journals/tciaig/ArnesonHH10,
  added-at = {2011-03-22T00:00:00.000+0100},
  author = {Arneson, Broderick and Hayward, Ryan B. and Henderson, Philip},
  biburl = {https://www.bibsonomy.org/bibtex/288400ebed4956779dfaa023daf42f216/dblp},
  ee = {http://dx.doi.org/10.1109/TCIAIG.2010.2067212},
  interhash = {87bd25df83624c578fd52e743f6a1c32},
  intrahash = {88400ebed4956779dfaa023daf42f216},
  journal = {IEEE Trans. Comput. Intellig. and AI in Games},
  keywords = {dblp},
  number = 4,
  pages = {251-258},
  timestamp = {2011-04-29T15:25:15.000+0200},
  title = {Monte Carlo Tree Search in Hex.},
  url = {http://dblp.uni-trier.de/db/journals/tciaig/tciaig2.html#ArnesonHH10},
  volume = 2,
  year = 2010
}

@misc{yassscribbles,
    title = {PI-Corral pruning - Sokoban Wiki},
    howpublished ={\url{http://sokobano.de/wiki/index.php?title=Sokoban\_solver\_"scribbles"\_by\_Brian\_Damgaard\_about\_the\_YASS\_solver\#PI-Corral\_pruning}},
}

@InProceedings{10.1007/3-540-61291-2_68,
    author="Culberson, Joseph C.
    and Schaeffer, Jonathan",
    editor="McCalla, Gordon",
    title="Searching with pattern databases",
    booktitle="Advances in Artifical Intelligence",
    year="1996",
    publisher="Springer Berlin Heidelberg",
    address="Berlin, Heidelberg",
    pages="402--416",
    isbn="978-3-540-68450-3"
}

@inproceedings{DBLP:conf/aaai/KorfT96,
  author    = {Richard E. Korf and
               Larry A. Taylor},
  editor    = {William J. Clancey and
               Daniel S. Weld},
  title     = {Finding Optimal Solutions to the Twenty-Four Puzzle},
  booktitle = {Proceedings of the Thirteenth National Conference on Artificial Intelligence
               and Eighth Innovative Applications of Artificial Intelligence Conference,
               {AAAI} 96, {IAAI} 96, Portland, Oregon, August 4-8, 1996, Volume 2.},
  pages     = {1202--1207},
  publisher = {{AAAI} Press / The {MIT} Press},
  year      = {1996},
  url       = {http://www.aaai.org/Library/AAAI/1996/aaai96-178.php},
  timestamp = {Mon, 15 Jun 2015 19:00:08 +0200},
  biburl    = {https://dblp.org/rec/bib/conf/aaai/KorfT96},
  bibsource = {dblp computer science bibliography, https://dblp.org}
}

@misc{MCTS,
    title ={Monte carlo tree search},
    howpublished ={\url{http://mcts.ai/about/index.html}}
}

@misc{microban,
    title = {Microban},
    author = {David W. Skinner},
    howpublished = {\url{http://www.abelmartin.com/rj/sokobanJS/Skinner/David\%20W.\%20Skinner\%20-\%20Sokoban_files/Microban.txt}}
}